<?xml version="1.0" encoding="UTF-8"?><record xmlns="http://www.loc.gov/MARC21/slim" xmlns:cinclude="http://apache.org/cocoon/include/1.0" xmlns:zs="http://www.loc.gov/zing/srw/">
  <leader>00339nz  a2200133n  4500</leader>
  <controlfield tag="001">no2001033887</controlfield>
  <controlfield tag="003">DLC</controlfield>
  <controlfield tag="005">20010427071051.0</controlfield>
  <controlfield tag="008">010426n| acannaabn          |n aaa     c</controlfield>
  <datafield tag="010" ind1=" " ind2=" ">
    <subfield code="a">no2001033887</subfield>
  </datafield>
  <datafield tag="035" ind1=" " ind2=" ">
    <subfield code="a">(OCoLC)oca05473749</subfield>
  </datafield>
  <datafield tag="040" ind1=" " ind2=" ">
    <subfield code="a">TNJ</subfield>
    <subfield code="b">eng</subfield>
    <subfield code="c">TNJ</subfield>
  </datafield>
  <datafield tag="100" ind1="1" ind2=" ">
    <subfield code="a">Runkehl, Jens</subfield>
  </datafield>
  <datafield tag="670" ind1=" " ind2=" ">
    <subfield code="a">Das Zitat im Internet, 2000:</subfield>
    <subfield code="b">t.p. (Jens Runkehl)</subfield>
  </datafield>
</record>